<?xml version="1.0" encoding="UTF-8"?><record xmlns="http://www.loc.gov/MARC21/slim" xmlns:cinclude="http://apache.org/cocoon/include/1.0" xmlns:zs="http://www.loc.gov/zing/srw/">
  <leader>00930cz  a2200157n  4500</leader>
  <controlfield tag="001">no 95004923 </controlfield>
  <controlfield tag="003">DLC</controlfield>
  <controlfield tag="005">20120811083948.0</controlfield>
  <controlfield tag="008">950128n| acannaab           |a ana     c</controlfield>
  <datafield tag="010" ind1=" " ind2=" ">
    <subfield code="a">no 95004923 </subfield>
  </datafield>
  <datafield tag="035" ind1=" " ind2=" ">
    <subfield code="a">(OCoLC)oca03762697</subfield>
  </datafield>
  <datafield tag="040" ind1=" " ind2=" ">
    <subfield code="a">ICRL</subfield>
    <subfield code="b">eng</subfield>
    <subfield code="c">ICRL</subfield>
    <subfield code="d">DLC</subfield>
  </datafield>
  <datafield tag="111" ind1="2" ind2=" ">
    <subfield code="a">Vsesoi︠u︡znoe soveshchanie "Razrabotka osnov teorii zemlevedenii︠a︡ i globalʹnye problemy sovremennosti"</subfield>
    <subfield code="d">(1988 :</subfield>
    <subfield code="c">Zvenigorod, Russia)</subfield>
  </datafield>
  <datafield tag="411" ind1="2" ind2=" ">
    <subfield code="a">Soveshchanie "Razrabotka osnov teorii zemlevedenii︠a︡ i globalʹnye problemy sovremennosti," Vsesoi︠u︡znoe</subfield>
  </datafield>
  <datafield tag="667" ind1=" " ind2=" ">
    <subfield code="a">THIS 1XX FIELD CANNOT BE USED UNDER RDA UNTIL THIS RECORD HAS BEEN REVIEWED AND/OR UPDATED</subfield>
  </datafield>
  <datafield tag="670" ind1=" " ind2=" ">
    <subfield code="a">Zemlevedenie i globalʹnye problemy sovremennosti, 1988:</subfield>
    <subfield code="b">t.p. (Vsesoi︠u︡znogo soveshchanii︠a︡, Zvenigorod, dekabrʹ 1988) verso t.p. (Vsesoi︠u︡znogo soveshchanii︠a︡ "Razrabotka osnov teorii zemlevedenii︠a︡ i globalʹnye problemy sovremennosti")</subfield>
  </datafield>
</record>